@phdthesis{castrodiazPropuestaDisenoMetodologia2023,
  title = {{Propuesta de dise{\~n}o de una metodolog{\'i}a para la gesti{\'o}n de proyectos en la empresa Ingenier{\'i}a, Montajes y Mantenimiento S.A.S.}},
  author = {Castro D{\'i}az, V{\'i}ctor Alfonso and Giraldo Sabogal, Juan David and Gonz{\'a}les Suarez, Zaira Zamari},
  year = {2023},
  month = dec,
  urldate = {2025-05-22},
  abstract = {El trabajo de grado se centra en dise{\~n}ar una metodolog{\'i}a espec{\'i}fica para mejorar la gesti{\'o}n de proyectos en la empresa Ingenier{\'i}a, Montajes y Mantenimiento S.A.S. Tras una exhaustiva revisi{\'o}n de literatura sobre est{\'a}ndares y metodolog{\'i}as de gesti{\'o}n de proyectos, se desarroll{\'o} una metodolog{\'i}a personalizada basada en los principios de PMBOK, PM2 y PRINCE 2, adaptada a las necesidades de la empresa. El proceso incluy{\'o} un an{\'a}lisis situacional, revisi{\'o}n de proyectos ejecutados y entrevistas con los propietarios. La metodolog{\'i}a propuesta tiene un ciclo de vida de proyecto de cinco fases, roles y responsabilidades claros, y un enfoque de gesti{\'o}n de calidad. Se propuso un plan de implementaci{\'o}n que abarc{\'o} la capacitaci{\'o}n del personal, la entrega de artefactos y talleres pr{\'a}cticos. El resultado es una metodolog{\'i}a personalizada con el objetivo de reducir sobrecostos, mejorar la calidad de proyectos y aumentar la reputaci{\'o}n en el mercado. Este estudio puede ser referencial para otras organizaciones, especialmente PYMEs, que buscan mejorar sus pr{\'a}cticas de gesti{\'o}n de proyectos.},
  langid = {spanish},
  keywords = {empresa de ingenieria,metodologia,Propuesta},
  file = {/Users/maser/Zotero/storage/7TIZ73ZQ/Castro Díaz et al. - 2023 - Propuesta de diseño de una metodología para la gestión de proyectos en la empresa Ingeniería, Montaj.pdf}
}

@article{contreras-verbelAplicacionModeloMadurez2022,
  title = {{Aplicaci{\'o}n del Modelo de Madurez organizacional OPM3 en Empresas colombianas}},
  author = {{Contreras-Verbel}, Adalberto M.},
  year = {2022},
  month = dec,
  journal = {Revista cient{\'i}fica anfibios},
  volume = {5},
  number = {2},
  pages = {45--56},
  issn = {2711-0532},
  doi = {10.37979/afb.2022v5n2.112},
  urldate = {2025-05-22},
  abstract = {Objective: The objective of this work was to know the current status of the application of the OPM3 organizational maturity model in Colombian companies. Method: A systematic review of information in reference databases was carried out to search for scientific, review and reflection articles, as well as books and graduate works or theses dealing with the subject in the period from 2012 to 2022. Results: 14 scientific papers were obtained as results, most of them from studies conducted in Bogota and Cali, which showed both in public and private companies found a low organizational maturity presenting average values of 52\%. Conclusions: The use of the OPM3 model was evidenced in several types of companies in Colombia, companies of different sizes, number of employees, geographical location and context, which demonstrates the efficiency of the model for any company. On the other hand, in spite of the low level of organizational maturity, the results obtained from the model allowed these companies to carry out improvement plans for a continuous increase and to present better productivity indexes and better positioning in relation to market competencies.},
  copyright = {Derechos de autor},
  langid = {spanish},
  keywords = {Cultura organizacional,Estudios organizacionales,Gerencia de proyectos,Modelos de madurez},
  file = {/Users/maser/Zotero/storage/HGHMTHQK/Contreras-Verbel - 2022 - Aplicación del Modelo de Madurez organizacional OPM3 en Empresas colombianas.pdf}
}

@phdthesis{cuadroslopezPropuestaMetodologicaPara2017,
  title = {Propuesta Metodol{\'o}gica Para Medir El Nivel de Madurez de La Gesti{\'o}n de Proyectos En Empresas de Ingenier{\'i}a.},
  author = {Cuadros L{\'o}pez, {\'A}lvaro Julio and Morales Viveros, Jessica Andrea and Rojas Mel{\'e}ndez, {\'A}ngela Beatriz},
  year = {2017},
  month = jun,
  urldate = {2025-05-22},
  langid = {english},
  school = {Escuela de ingenieria de Antioquia},
  file = {/Users/maser/Zotero/storage/NEXCMRFC/Cuadros López et al. - 2017 - PROPUESTA METODOLÓGICA PARA MEDIR EL NIVEL DE MADUREZ DE LA GESTIÓN DE PROYECTOS EN EMPRESAS DE INGE.pdf}
}

@phdthesis{delaossamezaEstructuracionPlanMejora2024,
  title = {{Estructuraci{\'o}n del plan de mejora de la gesti{\'o}n de proyectos en Electroequipos Colombia SAS}},
  author = {{De la Ossa Meza}, Beatriz Elena and Mu{\~n}oz, Luis Eduardo Ca{\~n}{\'o}n},
  year = {2024},
  month = may,
  langid = {spanish},
  school = {Universidad EAN},
  file = {/Users/maser/Zotero/storage/23R5AP4L/Muñoz - Beatriz Elena de la Ossa Meza.pdf}
}

@phdthesis{finoMedicionNivelMadurez,
  title = {{Medici{\'o}n del Nivel de Madurez y propuesta de Modelo Integrado de}},
  author = {Fino, Erika Julieth Rojas and Garc{\'i}a, Manuel Alejandro Mazabuel},
  langid = {spanish},
  file = {/Users/maser/Zotero/storage/A2H2FD2N/Fino y García - Medición del Nivel de Madurez y propuesta de Modelo Integrado de.pdf}
}

@article{gonzalezModeloAdministracionProyectos2012,
  title = {{Modelo de administraci{\'o}n de proyectos en pymes de servicios de ingenier{\'i}a}},
  author = {Gonz{\'a}lez, Daniel Verdugo and Hornig, Eduardo Salazar},
  year = {2012},
  month = jul,
  journal = {Revista Ingenier{\'i}a Industrial},
  volume = {11},
  number = {2},
  issn = {0718-8307},
  urldate = {2025-05-22},
  abstract = {En el presente trabajo se desarroll{\'o} un modelo de administraci{\'o}n de~ portafolio de proyectos para PYMES de servicios de ingenier{\'i}a; para ello se consideraron dos puntos importantes: la definici{\'o}n de procedimientos internos para una retroalimentaci{\'o}n de informaci{\'o}n de proyectos finalizados y una estructura de apoyo a la direcci{\'o}n del portafolio, para asignar y controlar~ apropiadamente los distintos tipos de recursos. Se consideraron los aspectos te{\'o}ricos y t{\'e}cnicos de la normativa PMBOK y de la metodolog{\'i}a PRINCE2, y se entrega una propuesta para su implementaci{\'o}n mediante herramientas de software actuales. De la comparaci{\'o}n, basada en las necesidades y limitaci{\'o}n que poseen las PYMES, se aprecia que PMBOK y PRINCE se alinean, complement{\'a}ndose entre s{\'i}. En cuanto a las herramientas inform{\'a}ticas, Microsoft Excel y Microsoft Access pueden ser utilizadas como herramientas de difusi{\'o}n de informaci{\'o}n y Microsoft Project como una herramienta de apoyo para gestionar los diversos proyectos desde su inicio hasta su cierre formal. Aun cuando existe~ una resistencia al cambio por parte de los miembros de la organizaci{\'o}n, {\'e}sta puede ser superada por medio de estrategias para el proceso de cambio, que expliquen la funcionalidad y los beneficios del nuevo sistema.In this paper a project portfolio management model for services engineering PYMEs is developed, considering two important points, the definition of internal procedures for information feedback of completed projects and the support structure to manage the portfolio, to assign and control properly the different types of resources. Theoretical and technical aspects of the PMBOK rules and PRINCE2 methodology are considered, and a proposal for implementation with current software tools is developed. Based on the needs and limitations of PYMEs, the comparison between PMBOK and PRINCE2 shows that PMBOK and PRINCE2 complement each other. Microsoft Excel and Microsoft Access can be used as tools for disseminating information and Microsoft Project as support tool for managing the portfolio from inception to formal close. Although there is a natural resistance to change in the organization, this can be overcome through strategies for the change process by explaining the functionality and benefits of the new system.},
  copyright = {Derechos de autor 2014 Revista Ingenier{\'i}a Industrial},
  langid = {spanish},
  keywords = {PRINCE2.},
  file = {/Users/maser/Zotero/storage/ERSJNE5V/González y Hornig - 2012 - Modelo de administración de proyectos en pymes de servicios de ingeniería.pdf}
}

@phdthesis{nemojonpuentesEvaluacionMadurezGestion2021,
  type = {{Trabajo de grado - Maestr{\'i}a}},
  title = {{Evaluaci{\'o}n de madurez en gesti{\'o}n de proyectos, estudio de caso m{\'u}ltiple de industrias con procesos galv{\'a}nicos colombianas, utilizando el modelo KPMMM como herramienta de diagn{\'o}stico}},
  author = {Nemoj{\'o}n Puentes, Diego Armando},
  year = {2021},
  month = jul,
  urldate = {2025-05-22},
  abstract = {The Colombian galvanic industry compared to the international industry may be affected by inadequate processes in project management that can lead to cost overruns, poor quality, loss of reputation, non-compliance, dissatisfied stakeholders, among others. Due to this and other aspects according to Dane statistics in recent years there has been an increase in imports of products from this sector and decrease in Colombian gross production, employed personnel and added value. Proper project management can achieve different benefits in organizations; one way to measure this management is through maturity models, which evaluate different areas of project management and position a degree of maturity of the organization. Through a multiple case study and an analytical empirical methodological approach, the project management maturity of five organizations with galvanic processes in Colombia with different sizes was evaluated using Kerzner's maturity model. In this research, it was found that the manufacturing organizations evaluated show low levels of project management maturity, only one out of the five organizations evaluated reaches a medium level on Kerzner's maturity scale. The problem of the assessed companies is focused on lack of technical knowledge, organizational structure, project management education and the use of methodologies and project management tools.},
  copyright = {Reconocimiento 4.0 Internacional},
  langid = {spanish},
  school = {Universidad Nacional de Colombia -- Sede Bogot{\'a}},
  keywords = {evaluacion,kpmmm,madurez},
  annotation = {Accepted: 2021-09-09T14:33:20Z},
  file = {/Users/maser/Zotero/storage/8Z3BQD8J/Nemojón Puentes - 2021 - Evaluación de madurez en gestión de proyectos, estudio de caso múltiple de industrias con procesos g.pdf}
}
