
@techreport{confecamarasDinamica2025,
	address = {Colombia},
	type = {Informe},
	title = {Dinámica {De} {Creación} {De} {Empresas} {En} {Colombia} {Primer} {Semestre} {De} 2025},
	url = {https://confecamaras.org.co/wp-content/uploads/2025/01/dinamica-creacion-empresas-colombia-2025.pdf},
	language = {es},
	number = {Enero 2025},
	urldate = {2025-06-07},
	institution = {Red de Cámaras de Comercio},
	author = {{Confecámaras}},
	month = jan,
	year = {2025},
	pages = {11},
}

@phdthesis{nemojonpuentesEvaluacion2021,
	type = {Trabajo de grado - {Maestría}},
	title = {Evaluación de madurez en gestión de proyectos, estudio de caso múltiple de industrias con procesos galvánicos colombianas, utilizando el modelo {KPMMM} como herramienta de diagnóstico},
	copyright = {Reconocimiento 4.0 Internacional},
	url = {https://repositorio.unal.edu.co/handle/unal/80141},
	abstract = {The Colombian galvanic industry compared to the international industry may be affected by inadequate processes in project management that can lead to cost overruns, poor quality, loss of reputation, non-compliance, dissatisfied stakeholders, among others. Due to this and other aspects according to Dane statistics in recent years there has been an increase in imports of products from this sector and decrease in Colombian gross production, employed personnel and added value. Proper project management can achieve different benefits in organizations; one way to measure this management is through maturity models, which evaluate different areas of project management and position a degree of maturity of the organization.
Through a multiple case study and an analytical empirical methodological approach, the project management maturity of five organizations with galvanic processes in Colombia with different sizes was evaluated using Kerzner’s maturity model. In this research, it was found that the manufacturing organizations evaluated show low levels of project management maturity, only one out of the five organizations evaluated reaches a medium level on Kerzner’s maturity scale. The problem of the assessed companies is focused on lack of technical knowledge, organizational structure, project management education and the use of methodologies and project management tools.},
	language = {spa},
	urldate = {2025-05-22},
	school = {Universidad Nacional de Colombia – Sede Bogotá},
	author = {Nemojón Puentes, Diego Armando},
	month = jul,
	year = {2021},
	note = {Accepted: 2021-09-09T14:33:20Z},
	keywords = {evaluacion, kpmmm, madurez},
}

@book{kerznerProject2022,
	edition = {6th Edition},
	title = {Project {Management} {Case} {Studies} (6th {Edition})},
	url = {https://app.knovel.com/hotlink/toc/id:kpPMCSE027/project-management-case/project-management-case},
	urldate = {2025-05-30},
	publisher = {John Wiley \& Sons},
	author = {Kerzner, Harold},
	year = {2022},
}

@book{hedemanProject2023,
	address = {Hertogenbosch},
	edition = {1st ed},
	title = {Project {Management} by {ICB4}},
	isbn = {978-94-018-1092-0 978-94-018-1094-4},
	abstract = {Intro -- Title -- Copyright -- General Introduction -- Purpose -- Audiences and uses -- Certification scheme -- 1. Structure of the Book -- Order of subjects -- Vision and roadmap -- Structure of the chapters -- 2. Competence Development -- Purpose of competence development -- Practice Competences -- 3. Project Orientation -- What is a project? -- What is project management? -- Reasons to initiate a project -- Position projects -- Necessary conditions for a project to exist -- Work forms -- Staging, controlling, decision making -- Projects within the product lifecycle -- Projects at different levels -- Project output, outcome, benefits and goals -- People and perspective context of projects -- Agile versus Waterfall -- Sustainability -- Tailoring -- Responsibilities -- Advanced -- Project Excellence Baseline (advanced) -- 4. Project Preparation -- 4.01 Project Preparation Stage -- Project preparation stage -- Project mandate and project outline -- Plan for the project definition stage -- Project decision -- Sustainability -- Tailoring -- Responsibilities -- 4.02 Stakeholders -- Stakeholder analysis -- Engage stakeholders -- Managing expectations -- Stakeholder management strategy and Plan -- Sustainability -- Tailoring -- Responsibilities -- 4.03 Project Organisation -- Project governance -- Customer-supplier relationship -- Separation of technique and management -- Project management structure -- Project organisation -- Roles and responsibilities -- Meeting structure and linking-pin principle -- Responsibilities matrix (RASCI model) -- Sustainability -- Tailoring -- Responsibilities -- 4.04 Requirements and Objectives -- Project, output, outcome, benefits, and goal -- Quality expectations and acceptance criteria -- Requirements and requirement specification -- Sustainability -- Tailoring -- Responsibilities -- Advanced},
	language = {eng},
	publisher = {Van Haren Publishing},
	author = {Hedeman, Bert},
	collaborator = {Riepma, Roel},
	year = {2023},
}

@phdthesis{cuadroslopezPropuesta2017,
	title = {Propuesta metodológica para medir el nivel de madurez de la gestión de proyectos en empresas de ingeniería.},
	url = {http://www.scielo.org.co/scielo.php?script=sci_abstract&pid=S1794-12372017000100008&lng=en&nrm=iso&tlng=en},
	language = {en},
	urldate = {2025-05-22},
	author = {Cuadros López, Álvaro Julio and Morales Viveros, Jessica Andrea and Rojas Meléndez, Ángela Beatriz},
	month = jun,
	year = {2017},
	note = {Publisher: Escuela de ingenieria de Antioquia},
}

@article{gonzalezModelo2012,
	title = {Modelo de administración de proyectos en pymes de servicios de ingeniería},
	volume = {11},
	copyright = {Derechos de autor 2014 Revista Ingeniería Industrial},
	issn = {0718-8307},
	url = {https://revistas.ubiobio.cl/index.php/RI/article/view/27},
	abstract = {En el presente trabajo se desarrolló un modelo de administración de  portafolio de proyectos para PYMES de servicios de ingeniería; para ello se consideraron dos puntos importantes: la definición de procedimientos internos para una retroalimentación de información de proyectos finalizados y una estructura de apoyo a la dirección del portafolio, para asignar y controlar  apropiadamente los distintos tipos de recursos. Se consideraron los aspectos teóricos y técnicos de la normativa PMBOK y de la metodología PRINCE2, y se entrega una propuesta para su implementación mediante herramientas de software actuales. De la comparación, basada en las necesidades y limitación que poseen las PYMES, se aprecia que PMBOK y PRINCE se alinean, complementándose entre sí. En cuanto a las herramientas informáticas, Microsoft Excel y Microsoft Access pueden ser utilizadas como herramientas de difusión de información y Microsoft Project como una herramienta de apoyo para gestionar los diversos proyectos desde su inicio hasta su cierre formal. Aun cuando existe  una resistencia al cambio por parte de los miembros de la organización, ésta puede ser superada por medio de estrategias para el proceso de cambio, que expliquen la funcionalidad y los beneficios del nuevo sistema.In this paper a project portfolio management model for services engineering PYMEs is developed, considering two important points, the definition of internal procedures for information feedback of completed projects and the support structure to manage the portfolio, to assign and control properly the different types of resources. Theoretical and technical aspects of the PMBOK rules and PRINCE2 methodology are considered, and a proposal for implementation with current software tools is developed. Based on the needs and limitations of PYMEs, the comparison between PMBOK and PRINCE2 shows that PMBOK and PRINCE2 complement each other. Microsoft Excel and Microsoft Access can be used as tools for disseminating information and Microsoft Project as support tool for managing the portfolio from inception to formal close. Although there is a natural resistance to change in the organization, this can be overcome through strategies for the change process by explaining the functionality and benefits of the new system.},
	language = {es},
	number = {2},
	urldate = {2025-05-22},
	journal = {Revista Ingeniería Industrial},
	author = {González, Daniel Verdugo and Hornig, Eduardo Salazar},
	month = jul,
	year = {2012},
	note = {Number: 2},
	keywords = {PRINCE2.},
}

@misc{isoISO2020,
	title = {{ISO} 21502:2020 {Project}, programme and portfolio management — {Guidance} on project management},
	shorttitle = {{ISO} 21502},
	url = {https://www.iso.org/standard/74947.html},
	abstract = {Project, programme and portfolio management — Guidance on project management},
	language = {en},
	urldate = {2025-06-02},
	journal = {ISO},
	author = {{ISO}},
	year = {2020},
}

@misc{isoISO2021,
	title = {{ISO} 21500:2021},
	shorttitle = {{ISO} 21500},
	url = {https://www.iso.org/standard/75704.html},
	abstract = {Project, programme and portfolio management — Context and concepts},
	language = {en},
	urldate = {2025-06-02},
	journal = {ISO},
	author = {{ISO}},
	year = {2021},
}

@misc{ISO,
	title = {{ISO} 21500:2012},
	shorttitle = {{ISO} 21500},
	url = {https://www.iso.org/standard/50003.html},
	abstract = {Guidance on project management},
	language = {es},
	urldate = {2025-06-02},
	journal = {ISO},
}

@book{associationforprojectmanagementAPM2019,
	address = {Princes Risborough},
	edition = {7th edition},
	title = {{APM} {Body} of {Knowledge}},
	isbn = {978-1-903494-82-0 978-1-903494-75-2 978-1-903494-83-7},
	abstract = {Intro -- Half-Title Page -- Copyright -- Contents -- Acknowledgements -- 1 Introduction -- 2 Project audit process -- Appendix 1 Matrix of element-based areas of review, risks and controls -- Appendix 2 Comparison of project audit elements for review, with assurance measures toolkit categories},
	language = {eng},
	publisher = {Association for Project Management},
	author = {{Association for Project Management}},
	year = {2019},
}

@misc{confecamarasEstudios2023,
	title = {Estudios de factores claves que impulsan la permanecia de las empresas en el mercado},
	url = {https://confecamaras.org.co/segun-estudio-de-confecamaras-el-33-5-de-las-empresas-del-pais-sobreviven-al-termino-de-5-anos/},
	abstract = {De acuerdo con el estudio La Supervivencia Empresarial en Colombia realizado por Confecámaras el cual analiza los resultados en un periodo de cinco años, se destaca que, de las 296.896 unidades productivas creadas en 2017, 98.696 continuaban operando en 2022. Las empresas que ejercen su actividad como sociedades tienen una tasa de supervivencia del 44,5\%, porcentaje mayor al que registran las personas naturales.},
	language = {es},
	urldate = {2025-06-15},
	author = {{Confecámaras}},
	month = may,
	year = {2023},
	note = {Section: Noticias},
}

@book{projectmanagementinstituteGuide2017,
	address = {Newtown Square, Pennsylvania},
	edition = {6th},
	title = {A {Guide} to the {Project} {Management} {Body} of {Knowledge}},
	isbn = {979-8-3740-6841-2},
	abstract = {Project Management Body of Knowledge (PMBOK)Introduction a Guide to the Project Management Body of Knowledge (PMBOK® Guide) is a recognized standard for the project management profession. A standard is a formal document that describes established norms, methods, processes, and practices. As with other professions such as law, medicine, and accounting, the knowledge contained in this standard evolved from the recognized good practices of project management practitioners who contributed to the development of this standard. The first two chapters of the PMBOK® Guide provide an introduction to key concepts in the project management field. Chapter 3 is the standard for project management. As such, it summarizes the processes, inputs, and outputs that are considered good practices on most projects most of the time. Chapters 4 through 12 are the guide to the project management body of knowledge. They expand on the information in the standard by describing the inputs and outputs as well as tools and techniques used in managing projects. The PMBOK® Guide provides guidelines for managing individual projects. It defines project management and related concepts and describes the project management life cycle and the related processes.},
	language = {English},
	publisher = {Project Management Institute},
	author = {{Project Management Institute}},
	year = {2017},
}

@book{projectmanagementinstitutestandard2021,
	address = {Chicago},
	edition = {Seventh edition},
	title = {The standard for project management and a guide to the project management body of knowledge ({PMBOK}® {Guide})},
	isbn = {978-1-62825-664-2 978-1-62825-665-9 978-1-62825-666-6 978-1-62825-667-3},
	language = {eng},
	publisher = {Project Management Institute},
	author = {{Project Management Institute}},
	year = {2021},
}

@inproceedings{juhreManaging2000,
	address = {Houston},
	title = {Managing international and cross-cultural projects},
	url = {https://www.pmi.org/learning/library/managing-international-cross-cultural-projects-8924},
	abstract = {What, why and where? The fact that most companies do not derive growth only from their domestic markets is well known among the business community. Moving the focus successfully to an unknown international environment is becoming more and more important for a company to keep a competitive advantage and increase shareholder value. Since operations are brought to an international level, projects have to be executed increasingly across borders and cultures. This setting has a strong impact on the known universe of successful project management. Additionally, to managing the project's scope, cost, time, and quality, cultural issues as well as resource constraints have to be taken into account.},
	language = {en},
	urldate = {2025-06-02},
	author = {Juhre, Frank and Heinen, Claudia},
	year = {2000},
}

@book{wysockiProject2004,
	address = {Boston London},
	series = {Artech {House} effective project management library},
	title = {Project management process improvement},
	isbn = {978-1-58053-717-9},
	abstract = {No matter how perfect a project plan may be on paper, it is worthless if nobody actually uses it. This innovative guide shows you how to ensure that your team has the process capabilities needed to successfully carry out any project plan you put to paper. By using the SEI's Capability Maturity Model, The Project Management Maturity Model, and PMBOK Knowledge areas, you can baseline your team's process level to see how it measures up to those required by a project plan},
	language = {eng},
	publisher = {Artech House},
	author = {Wysocki, Robert K.},
	year = {2004},
}

@book{pmiProcess2023,
	address = {Chicago},
	title = {Process {Groups}: {A} {Practice} {Guide} ({SPANISH})},
	isbn = {978-1-62825-790-8 978-1-62825-791-5},
	shorttitle = {Process {Groups}},
	abstract = {Front Cover -- Title Page -- Copyright Page -- Aviso -- Prefacio -- Contenido -- Lista de Gráficos y Tablas -- 1. Introducción -- 1.1 Dirección de Proyectos -- 1.1.1 La Importancia de la Dirección de Proyectos -- 1.1.2 Elementos Fundamentales -- 1.2 Proyectos -- 1.2.1 Los proyectos impulsan el cambio -- 1.2.2 Los proyectos hacen posible la creación de valor del negocio -- 1.2.3 Contextos para la Iniciación del Proyecto -- 1.3 Programas y Dirección de Programas -- 1.4 Portafolios y Dirección de Portafolios -- 1.5 Relaciones entre Portafolios, Programas y Proyectos -- 1.6 Dirección Organizacional de Proyectos (OPM) -- 1.7 Componentes y Consideraciones de los Proyectos -- 1.7.1 Ciclos de Vida del Proyecto y del Desarrollo -- 1.7.2 Fase del Proyecto -- 1.7.3 Revisión de Fase -- 1.7.4 Procesos para la Dirección del Proyecto -- 1.7.5 Grupos de Procesos de la Dirección de Proyectos -- 1.8 Datos e Información de la Dirección de Proyectos -- 1.9 Adaptación -- 1.10 Gestión de Beneficios y Documentos de Negocio -- 1.11 Acta de Constitución del Proyecto, Plan para la Dirección del Proyecto y Documentos del Proyecto -- 1.12 Medidas de Éxito del Proyecto -- 2. El Entorno del Proyecto -- 2.1 Factores Ambientales de la Empresa -- 2.1.1 EEFs Internos a la Organización -- 2.1.2 EEFs Externos a la Organización -- 2.2 Activos de los Procesos de la Organización -- 2.2.1 Planes, procesos y documentos -- 2.2.2 Repositorios de conocimiento de la organización -- 2.3 Gobernanza -- 2.3.1 Gobernanza Organizacional -- 2.3.2 Gobernanza del Proyecto -- 2.4 Elementos de Gestión -- 2.5 Estructuras Organizacionales -- 2.5.1 Tipos de Estructura Organizacional -- 2.5.2 Factores en la Selección de la Estructura Organizacional -- 2.6 Oficina de Dirección de Proyectos -- 3. Rol del Director del Proyecto -- 3.1 La Esfera de Influencia del Director del Proyecto -- 3.1.1 El Proyecto},
	language = {en-US},
	publisher = {Project Management Institute},
	author = {PMI},
	year = {2023},
}

@book{kerznerUsing2019,
	address = {Hoboken, New Jersey},
	edition = {Third edition},
	title = {Using the project management maturity model: strategic planning for project management},
	isbn = {978-1-119-53082-4},
	shorttitle = {Using the project management maturity model},
	language = {en},
	publisher = {John Wiley \& Sons, Inc},
	author = {Kerzner, Harold},
	year = {2019},
	keywords = {Project management, Strategic planning},
}

@book{kerznerProject2006,
	address = {Hoboken, N.J},
	edition = {9th ed},
	title = {Project management: a systems approach to planning, scheduling, and controlling},
	isbn = {978-0-471-74187-9},
	shorttitle = {Project management},
	publisher = {J. Wiley},
	author = {Kerzner, Harold},
	year = {2006},
	note = {OCLC: ocm61757016},
	keywords = {Project management},
}

@misc{gonzalezmirada2024,
	title = {Una mirada a las mipymes en {Colombia}},
	url = {https://www.bbvaresearch.com/publicaciones/colombia-una-mirada-a-las-mipymes-en-colombia/},
	abstract = {Las empresas formales en el país ascienden a 1,7 millones. Las mipymes representan el 99,5\% de las empresas, entre las formales, generan el 79\% del empleo del país y contribuyen con cerca al 40\% del PIB anual.},
	language = {es},
	urldate = {2025-06-08},
	author = {González, Juan and Llanes, Maria},
	month = feb,
	year = {2024},
}

@book{projectmanagementinstitutestandard2018,
	address = {Newtown Square, PA},
	title = {The standard for organizational project management ({OPM})},
	isbn = {978-1-62825-554-6 978-1-62825-555-3 978-1-62825-556-0},
	shorttitle = {opmstandard},
	author = {{Project Management Institute}},
	year = {2018},
	keywords = {BUSINESS \& ECONOMICS / Project Management, Project management, Standards},
}

@misc{noauthor_en_2025,
	title = {En 2024 se crearon en el país 297.475 empresas, señala informe de {Confecámaras} - {Confecámaras}},
	url = {https://confecamaras.org.co/en-2024-se-crearon-en-el-pais-297-475-empresas-senala-informe-de-confecamaras/},
	abstract = {Durante 2024 se crearon en el país 297.475 empresas, 2.8\% menos que en el 2023 cuando se registraron 305.997, de acuerdo con el más reciente informe de Dinámica de Creación de Empresas realizado por Confecámaras, con base en la información del Registro Único Empresarial y Social (RUES) de las Cámaras de Comercio del país.},
	language = {es},
	urldate = {2025-06-07},
	month = jan,
	year = {2025},
	note = {Section: Noticias},
}

@article{noauthor_gestion_nodate,
	title = {Gestión de proyectos internacionales e interculturales},
	language = {es},
}

@misc{noauthor_gestion_nodate-1,
	title = {Gestión de proyectos internacionales e interculturales},
	url = {https://www.pmi.org/learning/library/managing-international-cross-cultural-projects-8924?utm_source=chatgpt.com},
	abstract = {What, why and where? The fact that most companies do not derive growth only from their domestic markets is well known among the business community. Moving the focus successfully to an unknown international environment is becoming more and more important for a company to keep a competitive advantage and increase shareholder value. Since operations are brought to an international level, projects have to be executed increasingly across borders and cultures. This setting has a strong impact on the known universe of successful project management. Additionally, to managing the project's scope, cost, time, and quality, cultural issues as well as resource constraints have to be taken into account.},
	language = {es},
	urldate = {2025-06-02},
}

@book{ochoa_guevara_mipymes_nodate,
	title = {Mipymes: una visión del desarrollo organizacional y empresarial {Latinoamericano}},
	author = {Ochoa Guevara, Nancy Edith},
}

@phdthesis{rueda_urrea_metodologias_2023,
	title = {Metodologías de gestión de proyectos implementadas por pymes colombianas para la transformación digital en tiempos de postpandemia},
	url = {http://hdl.handle.net/10882/12871},
	abstract = {El presente trabajo tiene como objetivo principal analizar cómo las metodologías de gestión de proyectos implementadas en pymes colombianas en tiempos de pandemia contribuyeron a la transformación digital a partir de una revisión del estado del arte desde el año 2020 al 2022; de modo que, se logró llevar a cabo una descripción de las principales metodologías de gestión de proyectos y después se determinaron aquellas implementadas por las Pymes colombianas para la transformación digital.
Posteriormente, se implementó un estudio de percepción en una muestra de gerentes y finalmente, se identificaron las principales ventajas, fortalezas, desventajas y debilidades de la implementación de las metodologías de gestión de proyectos. A nivel metodológico, se adopta un enfoque cualitativo de tipo descriptivo y se hace una revisión del estado del arte. Como resultado del estudio propuesto pone de evidencia, las metodologías de gestión de proyectos implementados por las empresas Pymes en Colombia en periodo de postpandemia son mayormente metodologías ágiles. A partir de revisión de la literatura y el marco teórico, se plantea una propuesta metodológica general de gestión de proyectos en pymes de Colombia con un enfoque hacia la transformación digital.},
	language = {en-US},
	urldate = {2025-05-25},
	school = {Universidad EAN},
	author = {Rueda Urrea, Silvia Juliana},
	month = jul,
	year = {2023},
	keywords = {gestión de proyectos, metodologías, transformación digital},
}

@inproceedings{perez_barral_perspectiva_2023,
	title = {Perspectiva de la economía mundial y su impacto en las mi {PYMES} de los países {Latinoamericanos}},
	isbn = {978-980-7857-66-6},
	url = {https://dialnet.unirioja.es/servlet/articulo?codigo=9734016},
	abstract = {The development of Small and Medium Enterprises largely depends on the economic development of the countries and, therefore, on the behavior of the World Economy. For this reason, it has been very difficult for these organizations to have achieved positive effects in satisfying the needs of their communities, cities, provinces, country and region, given that the diversity of products or services they offer is very limited. At the same time, the quality of their products and services does not meet customer expectations, since the resources they have always allocated are extremely scarce to have sustained growth. In this sense, the objective was to carry out a theoretical study to analyze the perspective of the world economy and its impact on MSMEs in Latin American countries. Therefore, the research was based on a descriptive-explanatory study and a qualitative approach, supporting the criteria provided in the theoretical methods: analysis-synthesis; e, inductive-deductive. The results coincided with the negative behavior of the world economy and its impact on Latin American countries, because of the pandemic situation that was experienced and the political instability in some countries in the region. In addition, there are other factors, such as violence and insecurity that have led small and medium-sized organizations to close their doors and sales at early hours due to cases of extortion and threats in which small merchants survive.
El desarrollo de las Pequeñas y Medianas Empresas en gran medida depende del desenvolviendo económico de los países y, por ende, del comportamiento de la Economía Mundial. Es por ello, que ha resultado muy difícil que estas organizaciones hayan logrado alcanzar efectos positivos en la satisfacción de las necesidades de sus comunidades, ciudades, provincias, país y región, dado que, la diversidad de productos o servicios que ofrecen es muy limitado. A su vez, la calidad de sus productos y servicios no cubre las expectativas de los clientes, pues los recursos que siempre han destinado son extremadamente escasos como para haber tenido un crecimiento sostenido. En este sentido, en el estudio se proyectó como objetivo, realizar un estudio teórico para el análisis de la perspectiva de la economía mundial y su impacto en las MIPYMES de los países latinoamericanos. Con lo cual, la investigación se basó en un estudio descriptivo-explicativo y en un enfoque cualitativo, sosteniéndose los criterios aportados en los métodos teóricos: análisis-síntesis; e, inductivo-deductivo. Los resultados coincidieron con el comportamiento negativo de la economía mundial y su impacto en los países latinoamericanos, producto de la situación pandémica que se vivió y la inestabilidad política en algunos países de la región. Además, de otros factores, como la violencia y la inseguridad que han conllevado a que las pequeñas y medianas organizaciones cierren sus puertas y ventas en horarios tempranos debido a los casos de extorsión y amenazas en que sobreviven los pequeños comerciantes.},
	language = {spa},
	urldate = {2025-05-24},
	booktitle = {Tendencias en la investigación universitaria. {Una} visión desde {Latinoamérica}. {Vol}. {XXI}, 2023, {ISBN} 978-980-7857-66-6, págs. 169-179},
	publisher = {Fondo Editorial Universitario Servando Garcés},
	author = {Pérez Barral, Osmany and Alarcón Quinapanta, Mónica del Rocío and Hernández Junco, Varna},
	year = {2023},
	note = {Section: Tendencias en la investigación universitaria. Una visión desde Latinoamérica. Vol. XXI},
	keywords = {economia, mipymes},
	pages = {169--179},
}

@incollection{silva_assessment_2025,
	title = {Assessment of a {Project} {Management} {Maturity} {Diagnostic} {Tool}},
	isbn = {978-3-031-80784-8},
	author = {Silva, Raissa Monique Alves and Silva, Jonhatan and Bispo, Lucas Gomes and Torres, Manoel and Silva, Alline},
	month = mar,
	year = {2025},
	doi = {10.1007/978-3-031-80785-5_19},
	keywords = {Maturity, diagnostic tool},
	pages = {245--262},
}

@article{akhmadi_knowledge_2022,
	series = {3rd {International} {Conference} on {Industry} 4.0 and {Smart} {Manufacturing}},
	title = {Knowledge acquisition, elicitation, and management in innovative firms},
	volume = {200},
	issn = {1877-0509},
	url = {https://www.sciencedirect.com/science/article/pii/S1877050922002174},
	doi = {10.1016/j.procs.2022.01.208},
	abstract = {Knowledge has emerged as a key commodity in smart manufacturing and as a critical resource for innovation and entrepreneurship in Industry 4.0. Innovative firms develop competitive advantages through knowledge exploitation and exploration, whether acquired externally or developed internally. Knowledge management, that is the management of the processes of knowledge creation, sharing and storage, is essential for effective innovation. Software tools to support knowledge management have had limited success in their attempt to address equally well a multitude of sources of knowledge. The data-driven analysis of this paper, however, demonstrates that knowledge acquisition is largely focused within the firm and thus the integrative perspective of considering both internal and external sources of knowledge might be an impediment for the development of appropriate supporting technologies. In this context, the focus should shift to knowledge elicitation and the corresponding development of tools to support it within the firm.},
	urldate = {2025-05-24},
	journal = {Procedia Computer Science},
	author = {Akhmadi, Saltanat and Tsakalerou, Mariza},
	month = jan,
	year = {2022},
	keywords = {Knowledge management, empresas innovadoras, gestion de conocimientos, innovacion, knowledge acquisition, knowledge elicitation},
	pages = {91--100},
}

@article{mon_analysis_2022,
	series = {3rd {International} {Conference} on {Industry} 4.0 and {Smart} {Manufacturing}},
	title = {Analysis of {Industry} 4.0 {Products} in {Small} and {Medium} {Enterprises}},
	volume = {200},
	issn = {1877-0509},
	url = {https://www.sciencedirect.com/science/article/pii/S1877050922002988},
	doi = {10.1016/j.procs.2022.01.289},
	abstract = {The implementation of ICTs in different functional areas of a company determines the transformation process towards Industry 4.0. The incorporation of technologies requires knowledge of the specific existing products and those that can be incorporated in a process of replacement and gradual integration between the Software, Hardware, and Infrastructure necessary for operation. However, is it possible to know the level of technological development of a particular industry? Is it possible to detect when a company is close to become an Industry 4.0? This article introduces the results of the application of the InTICs® Index, that measures the level of insertion of ICTs within an industry, in an industrial region of Argentina, where the level of technological development towards Industry 4.0 is evaluated.},
	urldate = {2025-05-24},
	journal = {Procedia Computer Science},
	author = {Mon, Alicia and Del Giorgio, Horacio René},
	month = jan,
	year = {2022},
	keywords = {4.0, ICTs Index, Industrial Development, Industry 4.0, Technological Development, industria, mipymes, pequeñas empresas},
	pages = {914--923},
}

@article{contreras_aplicacion_2022,
	title = {Aplicación del {Modelo} de {Madurez} organizacional {OPM3} en {Empresas} colombianas},
	volume = {5},
	copyright = {Derechos de autor},
	issn = {2711-0532},
	url = {https://www.revistaanfibios.org/ojs/index.php/afb/article/view/112},
	doi = {10.37979/afb.2022v5n2.112},
	abstract = {Objective: The objective of this work was to know the current status of the application of the OPM3 organizational maturity model in Colombian companies. Method: A systematic review of information in reference databases was carried out to search for scientific, review and reflection articles, as well as books and graduate works or theses dealing with the subject in the period from 2012 to 2022. Results: 14 scientific papers were obtained as results, most of them from studies conducted in Bogota and Cali, which showed both in public and private companies found a low organizational maturity presenting average values of 52\%. Conclusions: The use of the OPM3 model was evidenced in several types of companies in Colombia, companies of different sizes, number of employees, geographical location and context, which demonstrates the efficiency of the model for any company. On the other hand, in spite of the low level of organizational maturity, the results obtained from the model allowed these companies to carry out improvement plans for a continuous increase and to present better productivity indexes and better positioning in relation to market competencies.},
	language = {es},
	number = {2},
	urldate = {2025-05-22},
	journal = {Revista científica anfibios},
	author = {Contreras, Adalberto M.},
	month = dec,
	year = {2022},
	note = {Number: 2},
	keywords = {Cultura organizacional, Estudios organizacionales, Gerencia de proyectos, Modelos de madurez},
	pages = {45--56},
}

@misc{pennypacker_benchmarking_nodate,
	title = {Benchmarking project management maturity},
	url = {https://www.pmi.org/learning/library/benchmarking-project-management-maturity-136},
	abstract = {Learn the value of using a maturity model to develop the steps needed to move your organization to higher levels of performance. The results of a survey of 126 senior-level project management practitioners on their organizations' project management maturity will be discussed, providing a baseline for attendees to measure themselves against.},
	language = {en},
	urldate = {2025-05-24},
	journal = {Benchmarking project management maturity},
	author = {Pennypacker, James S.},
}

@misc{pennypacker_project_2002,
	title = {Project management maturity: an industry-wide assessment.},
	url = {https://www.pmi.org/learning/library/pm-maturity-industry-wide-assessment-9000},
	abstract = {Pennypacker and Grant's research demonstrates the application of the PM Solutions model of project management maturity assessment, provides a snapshot of the current level of maturity across industries, and compares maturity among four major industries to provide a baseline to support organization-generated maturity assessments. The researchers believe these results will support future longitudinal research to monitor the evolution of project management maturity industry-wide.},
	language = {en},
	urldate = {2025-05-24},
	author = {Pennypacker, James S. and Grant, Kevin P.},
	year = {2002},
	note = {titleTranslation: Madurez de gestión de proyectos: una evaluación de toda la industria.
abstractTranslation: La investigación de Pennypacker y Grant demuestra la aplicación del Modelo de Soluciones PM de la Evaluación de Madurez de Gestión de Proyectos, proporciona una instantánea del nivel actual de vencimiento en todas las industrias y compara la madurez entre las cuatro industrias principales para proporcionar una línea de base para apoyar las evaluaciones de vencimiento generadas por la organización. Los investigadores creen que estos resultados apoyarán futuras investigaciones longitudinales para monitorear la evolución de la industria del vencimiento del manejo de proyectos en toda la industria.},
}

@misc{pennypacker_benchmarking_2002,
	title = {Benchmarking project management maturity: moving to higher levels of performance},
	url = {https://www.pmi.org/learning/library/benchmarking-project-management-maturity-136},
	abstract = {Learn the value of using a maturity model to develop the steps needed to move your organization to higher levels of performance. The results of a survey of 126 senior-level project management practitioners on their organizations' project management maturity will be discussed, providing a baseline for attendees to measure themselves against.},
	language = {en},
	urldate = {2025-05-24},
	author = {Pennypacker, James S.},
	year = {2002},
	note = {titleTranslation: Comparativa maturez de la gestión de proyectos de evaluación 
abstractTranslation: Aprenda el valor de usar un modelo de madurez para desarrollar los pasos necesarios para trasladar su organización a niveles más altos de rendimiento. Se discutirán los resultados de una encuesta de 126 profesionales de gestión de proyectos de nivel superior sobre el vencimiento de la gestión de proyectos de sus organizaciones, proporcionando una línea de base para que los asistentes se midan.},
}

@inproceedings{da_silva_assessment_2025,
	address = {Cham},
	title = {Assessment of a {Project} {Management} {Maturity} {Diagnostic} {Tool}},
	isbn = {978-3-031-80785-5},
	doi = {10.1007/978-3-031-80785-5_19},
	abstract = {In a world where changes occur increasingly rapidly, organizational maturity is indispensable for companies to weather critical situations. Within the framework of organizational maturity principles, project management emerges as an evolving subject. Consequently, there arises a necessity to assess and reevaluate Project Management Maturity models and organizational management maturity models to cater to the genuine needs of Small and Medium-sized Enterprises (SMEs) across diverse sectors. In pursuit of identifying potential enhancements and contributing to advancing the discussed topic, this study aimed to evaluate a diagnostic tool (questionnaire) employed by a startup. The study encompasses a comparative analysis of the criteria utilized in the diagnostic tool and the validation of said tool through the application of Item Response Theory (IRT). Upon scrutinizing the contents of the questionnaire items, the findings suggest that the tool effectively gauges Organizational Maturity rather than Project Management Maturity as a latent trait. Furthermore, employing IRT enabled the development of a metric proficient in expressing such a latent trait, thereby facilitating the classification of SMEs into six levels. Hence, the study underscores the prospect of enhancement in the quest for a model conducive to SMEs’ maturation in Project Management.},
	language = {en},
	booktitle = {Industrial {Engineering} and {Operations} {Management}},
	publisher = {Springer Nature Switzerland},
	author = {da Silva, Raissa Monique Alves and da Silva, Jonhatan Magno Norte and Bispo, Lucas Gomes Miranda and Torres, Manoel Geronimo Lino and da Silva, Alline Thamyres Claudino},
	editor = {Gonçalves dos Reis, João Carlos and Mendonça Freires, Francisco Gaudêncio and Vieira Junior, Milton and Garcia Barbastefano, Rafael and Oliveira Sant’Anna, Ângelo Márcio},
	year = {2025},
	pages = {245--262},
}

@phdthesis{de_la_ossa_meza_estructuracion_2024,
	title = {Estructuración del plan de mejora de la gestión de proyectos en {Electroequipos} {Colombia} {SAS}},
	language = {es},
	school = {Universidad EAN},
	author = {De la Ossa Meza, Beatriz Elena and Muñoz, Luis Eduardo Cañón},
	month = may,
	year = {2024},
}

@misc{noauthor_en_2025-1,
	title = {En 2024 se crearon en el país 297.475 empresas, señala informe de {Confecámaras} - {Confecámaras}},
	url = {https://confecamaras.org.co/en-2024-se-crearon-en-el-pais-297-475-empresas-senala-informe-de-confecamaras/},
	abstract = {Durante 2024 se crearon en el país 297.475 empresas, 2.8\% menos que en el 2023 cuando se registraron 305.997, de acuerdo con el más reciente informe de Dinámica de Creación de Empresas realizado por Confecámaras, con base en la información del Registro Único Empresarial y Social (RUES) de las Cámaras de Comercio del país.},
	language = {es},
	urldate = {2025-06-08},
	month = jan,
	year = {2025},
	note = {Section: Noticias},
}

@techreport{confecamaras_dinamica_2024,
	address = {Colombia},
	type = {Informe {Semestral}},
	title = {Dinámica {De} {Creación} {De} {Empresas} {En} {Colombia} {Primer} {Semestre} {De} 2024},
	url = {https://confecamaras.org.co/images/2024-1-Dinamica-de-creacion-de-empresas.pdf},
	language = {es},
	number = {2024-1},
	urldate = {2025-06-07},
	institution = {Red de Cámaras de Comercio},
	author = {{Confecámaras}},
	month = jan,
	year = {2024},
	pages = {10},
}

@book{project_management_institute_project_2025,
	address = {Newtown Square, Pennsylvania},
	title = {Project management offices: a practice guide},
	isbn = {978-1-62825-822-6},
	shorttitle = {Project management offices},
	abstract = {"The Project Management Institute has created this Project Management Offices: A Practice Guide with an ambitious vision: to reshape PMOs worldwide. This comprehensive guide transcends traditional good practices, offering a forward-looking roadmap distilled from the collective wisdom of hundreds of seasoned PMO professionals across the globe. These experts, ranging from leaders of world-class PMOs in renowned organizations to esteemed consultants, bring diverse backgrounds and extensive experience in establishing, operating, and evolving PMOs. We extend our heartfelt thanks to all of these volunteers who generously contributed their time, expertise, and insights to the development and review of this guide. Their dedication and commitment have been invaluable in shaping this comprehensive resource"-- Provided by publisher},
	publisher = {Project Management Institute, Inc},
	editor = {{Project Management Institute}},
	year = {2025},
	keywords = {Project management},
}

@misc{marcos_guoglielmi_opm3_nodate,
	title = {{OPM3}® {Self}-{Assessment} {Questionnaire} ({Spanish})},
	url = {https://www.projectmanagement.com/deliverables/555781/OPM3--Self-Assessment-Questionnaire--Spanish-},
	abstract = {Obtenga ayuda para evaluar su madurez organizacional con este conjunto de 500 preguntas que corresponden al Modelo de Madurez de Gestión de Proyectos Organizacionales (OPM3®) de PMI.},
	language = {es},
	author = {{Marcos Guoglielmi}},
	note = {titleTranslation: Cuestionario de autoevaluación OPM3®},
}

@inproceedings{mila_carvajal_planificacion_2019,
	title = {Planificación estratégica en las {MIPYMES} comerciales y de servicios de la provincia de {Esmeraldas} – {Ecuador}},
	isbn = {978-9978-77-382-6},
	url = {https://dialnet.unirioja.es/servlet/articulo?codigo=8396777},
	language = {por},
	urldate = {2025-05-27},
	booktitle = {Las tendencias en contabilidad y gestión empresarial: {Visión} de {Ibero}-{América}, 2019, {ISBN} 978-9978-77-382-6, págs. 517-533},
	publisher = {PUCE, Centro de Publicaciones},
	author = {Mila Carvajal, Francisco and Godoy, Isabel Chila and Dueñas Mendoza, Andrea and Álava Chila, Orlin E.},
	year = {2019},
	note = {Section: Las tendencias en contabilidad y gestión empresarial: Visión de Ibero-América},
	keywords = {esmeraldas, mipymes},
	pages = {517--533},
}

@misc{noauthor_planificacion_nodate,
	title = {Planificación estratégica en las {MIPYMES} comerciales y de servicios de la provincia de {Esmeraldas} – {Ecuador} - {Dialnet}},
	url = {https://dialnet.unirioja.es/servlet/articulo?codigo=8396777},
	urldate = {2025-05-27},
}

@article{noauthor_gerencia_nodate,
	title = {Gerencia de proyectos y estrategia organizacional: el modelo de madurez en {Gestión} de {Proyectos} {CP3M}© {V5}.0*},
	shorttitle = {({PDF}) {Project} management and organizational strategy},
	url = {https://www.researchgate.net/publication/285120180_Project_management_and_organizational_strategy_The_colombian_program_and_project_management_maturity_model_CP3MC_V50},
	abstract = {PDF {\textbar} In recent years international interest in projects and their use in the implementation of organizational strategy has increased rapidly. It is... {\textbar} Find, read and cite all the research you need on ResearchGate},
	language = {es},
	urldate = {2025-05-24},
	journal = {ResearchGate},
}

@misc{anif_centro_de_estudios_economicos_retos_2021,
	title = {Retos y oportunidades de las pymes anif comentario economico del dia.},
	url = {https://www.anif.com.co/file-tag/pyme/},
	language = {es},
	urldate = {2025-05-24},
	journal = {Retos y oportunidades de las pymes anif comentario economico del dia.},
	author = {{ANIF Centro de Estudios Económicos}},
	month = dec,
	year = {2021},
}

@misc{kerzner_using_2019,
	title = {Using the {Project} {Management} {Maturity} {Model} - {Strategic} {Planning} for {Project} {Management} (3rd {Edition})},
	url = {https://app-knovel-com.bdbiblioteca.universidadean.edu.co/kn/resources/kpUPMMMSP2/toc},
	language = {Ingles},
	urldate = {2025-05-24},
	author = {Kerzner, Harold},
	year = {2019},
	note = {titleTranslation: Uso del Modelo de Madurez de la Gestión de Proyectos - Planificación Estratégica para la Gestión de Proyectos (3.ª Edición)},
}

@article{melendez_factores_2021,
	title = {Factores críticos de éxito y su impacto en la {Gestión} de {Proyectos} empresariales: una revisión integral},
	volume = {27},
	issn = {1315-9518},
	shorttitle = {Factores críticos de éxito y su impacto en la {Gestión} de {Proyectos} empresariales},
	url = {https://dialnet.unirioja.es/servlet/articulo?codigo=8229889},
	abstract = {Currently, business management processes have focused on promoting efficient organizational  procedures based on traditional methods and agile work frameworks, together with comprehensive decisionmaking,  which in the early phases of project execution contribute to the successful development of their  projects. business goals. This paper presents a comprehensive summary of the recent literature on the main  factors influencing the context of project performance within business organizations. The main objective  was focused on identifying the factors involved in the successful performance of project management. The  methodology was based on the protocol of a systemic literature review with a descriptive level. The results  are grouped into key recurring factors involved in successful project management, such as time, costs,  quality, and manageability. It is concluded that project management in the hands of its managers should focus  on new elements related to leadership, knowledge management, labor flexibility strategies, managerial ethics,  and the morale of the team of collaborators to guarantee the success of their operations. These results found  may be used as a reference source for future related research.
Actualmente los procesos de gestión empresarial se han focalizado en promover eficientes  procedimientos organizacionales basados en métodos tradicionales y marcos agiles de trabajo, junto a la  toma de decisiones integrales, las cuales en las primeras fases de la ejecución de los proyectos contribuyen  al desarrollo exitoso de sus metas empresariales. Este paper presenta un resumen completo de la literatura  reciente sobre los factores principales que inciden en el contexto del desempeño de proyectos dentro de  organizaciones empresariales. El objetivo principal se focalizó en identificar los factores involucrados en  el desempeño exitoso de la gestión de proyectos. La metodología se basó en el protocolo de una revisión  sistémica de literatura con nivel descriptivo. Los resultados se agrupan en factores clave recurrentes  involucrados en la gestión exitosa de proyectos, como el tiempo, los costos, la calidad y la capacidad de  gestión. Se concluye, que la gestión de proyectos de la mano de sus gerentes deberá focalizarse en nuevos  elementos relacionados con el liderazgo, la gestión del conocimiento, estrategias de flexibilidad laboral, ética  gerencial, y la moral del equipo de colaboradores para garantizar el éxito de sus operaciones. Estos resultados  encontrados podrán ser utilizados como fuente de referencia para futuras investigaciones relacionadas.},
	language = {spa},
	number = {4},
	urldate = {2025-05-24},
	journal = {Revista de ciencias sociales},
	author = {Melendez, Jesus R. and El Salous, Ahmed},
	year = {2021},
	note = {Publisher: Facultad de Ciencias Sociales
Section: Revista de ciencias sociales},
	keywords = {exito, gestion de proyectos, optimizacion},
	pages = {228--242},
}

@article{gisella_implementacion_2024,
	title = {Implementación de una oficina de gestión de proyectos {PMO} en pequeñas y medianas empresas {Pymes} del sector eléctrico caso de estudio: {SISERLECT} {S}.{A}.},
	copyright = {openAccess},
	shorttitle = {Implementación de una oficina de gestión de proyectos {PMO} en pequeñas y medianas empresas {Pymes} del sector eléctrico caso de estudio},
	url = {http://www.dspace.espol.edu.ec/handle/123456789/62534},
	abstract = {El presente trabajo tiene como objetivo diseñar y estructurar la implementación de una Oficina de Gestión de Proyectos (PMO) de control para la estandarización de los procesos de gestión de proyectos, la optimización de recursos y la mejora de la comunicación interna en SISERLECT S.A. Para ello, se utilizó la 7ma edición de la guía de Project Management Body of Knowledge (PMBOK). Las conclusiones sugieren que una PMO bien estructurada no solo mejora la gestión de proyectos, sino que también contribuye al crecimiento sostenible y a la competitividad de la empresa, permitiendo la diversificación hacia otros campos más allá de los servicios eléctricos.},
	language = {spa},
	urldate = {2025-05-24},
	author = {Gisella, Diaz Yaguachi Nelly and Ney Ernesto, Vanegas Duarte},
	year = {2024},
	note = {Accepted: 2024-11-28T16:39:47Z
Publisher: ESPAE-ESPOL},
	keywords = {PMO, electrico, implementacion, mipymes},
}

@book{ochoa_guevara_mipymes_2022,
	title = {Mipymes: una visión del desarrollo organizacional y empresarial {Latinoamericano}},
	copyright = {http://creativecommons.org/licenses/by-nc-sa/3.0/ec/},
	isbn = {978-9942-8945-6-4},
	shorttitle = {Mipymes},
	url = {http://repositorio.uisrael.edu.ec/handle/47000/3274},
	abstract = {Aprender de la experiencia, de las vivencias afortunadas o fracasadas, en épocas como esta
de pos-pandemia, puede reducir incertidumbres, que, desde el ámbito organizacional, se presentan entorno a procesos de toma de decisiones. Para América Latina, como muchas regiones del
planeta, hoy está, por un lado, la evaluación de acciones inmediatas para el desarrollo regional,
estrategias de afrontamiento ante las circunstancias de cierre de muchos negocios y, por otro
lado, la implementación de tecnologías frente a la reinversión de lo que antes de pandemia se
consideraba el desarrollo empresarial. Estos hacen parte de los temas tratados en cada uno de
los capítulos desarrollados en el libro “Mipymes: una visión del desarrollo organizacional y empresarial Latinoamericano”, que se pone a disposición de toda la comunidad académica y científica a
través de ocho capítulos desarrollados por investigadores de países latinoamericanos.
Una experiencia de cambio de actividad, luego de afrontar épocas de cierre por confinamiento
frente al covid-19, es el reto asumido por muchas mujeres líderes. El desafío por la reinversión de
sus negocios con el uso de la tecnología muestra nuevos negocios acordes con la realidad y necesidad existente y un ejemplo a seguir por muchas en Latinoamérica. Siguiendo con esta línea, el
tema de la reinvención de los negocios con el análisis de las buenas prácticas empresariales que
han desarrollado las MiPyMEs en estos tiempos tan difíciles por causa de la pandemia, reflejaron
prácticas comerciales y de posicionamiento empresarial a través del marketing digital, estas experiencias ayudan en la sostenibilidad de negocios en medio de situaciones difíciles de la economía.
Es común encontrar microempresas y empresas medianas que cuentan con software contratado y este ha sido contabilizado de forma errónea en los rubros pertenecientes a los activos
intangibles que son llevados a la cuenta de gastos, determinando así, perdida del mismo, por lo
cual, en este libro se proponen formas adecuadas de registro para que la empresa empiece a
contabilizar adecuadamente el software y se espera avanzar en otros productos como patentes,
producción intelectual y proyectos de investigación, entre otros y para el sector del turismo, como
uno de los sectores más golpeados por por el confinamiento del covid-19, y como una visión del
desarrollo organizacional, llama la atención la propuesta de un sistema mediante el cual permite
el diagnóstico y la gestión de elementos críticos y de oportunidad para la sustentabilidad, mejora
de la calidad, y competitividad de los prestadores de servicios turísticos en términos del capital
intelectual.
Todos los temas anteriores, y acompañados con la visión estratégica de los emprendedores a
nivel latinoamericano, en nuestro tiempo actual han permitido además de reestructurar los negocios, identificar las brechas frente al uso de la tecnología en el desarrollo organizacional para un
futuro más estable a nivel empresarial y que mejor aún, a nivel de las MiPyMEs, es por ello, que
este libro presenta un marco general de lo que se ha vivido, pero se ha afrontado ante la pandemia.
10
Los invitamos a disfrutar este conocimiento tan bien estructurado por los investigadores que
han tenido una visión clara del desarrollo organizacional y empresarial de Latinoamérica, seguramente para muchos será una guía, incluso para mejores procesos de toma de decisiones.
Dra. Alba Luz Palencia Montaña
alba\_palencia@fundacioncigec.org
Doctora en Educación. Magister en Dirección Estratégica, con énfasis en gerencia.
Esp. en Gerencia del Talento Humano, Ingeniera industrial e investigadora y líder de gestión
de proyectos Fundación CIGEC},
	language = {spa},
	urldate = {2025-05-24},
	publisher = {Quito, Ecuador: Editorial UISRAEL},
	author = {Ochoa Guevara, Nancy Edith and Caballero Palomino, Sergio Andrés and Ochoa Guevara, Sandra Patricia and Acuña Reyes, Deisy Mireya},
	month = jul,
	year = {2022},
	note = {Accepted: 2023-01-27T00:22:22Z},
}

@phdthesis{castro_diaz_propuesta_2023,
	title = {Propuesta de diseño de una metodología para la gestión de proyectos en la empresa {Ingeniería}, {Montajes} y {Mantenimiento} {S}.{A}.{S}.},
	url = {http://hdl.handle.net/10882/13283},
	abstract = {El trabajo de grado se centra en diseñar una metodología específica para mejorar la gestión de proyectos en la empresa Ingeniería, Montajes y Mantenimiento S.A.S. Tras una exhaustiva revisión de literatura sobre estándares y metodologías de gestión de proyectos, se desarrolló una metodología personalizada basada en los principios de PMBOK, PM2 y PRINCE 2, adaptada a las necesidades de la empresa. El proceso incluyó un análisis situacional, revisión de proyectos ejecutados y entrevistas con los propietarios. La metodología propuesta tiene un ciclo de vida de proyecto de cinco fases, roles y responsabilidades claros, y un enfoque de gestión de calidad. Se propuso un plan de implementación que abarcó la capacitación del personal, la entrega de artefactos y talleres prácticos. El resultado es una metodología personalizada con el objetivo de reducir sobrecostos, mejorar la calidad de proyectos y aumentar la reputación en el mercado. Este estudio puede ser referencial para otras organizaciones, especialmente PYMEs, que buscan mejorar sus prácticas de gestión de proyectos.},
	language = {spa},
	urldate = {2025-05-22},
	author = {Castro Díaz, Víctor Alfonso and Giraldo Sabogal, Juan David and Gonzáles Suarez, Zaira Zamari},
	month = dec,
	year = {2023},
	keywords = {Propuesta, empresa de ingenieria, metodologia},
}

@phdthesis{fino_medicion_nodate,
	title = {Medición del {Nivel} de {Madurez} y propuesta de {Modelo} {Integrado} de},
	language = {es},
	author = {Fino, Erika Julieth Rojas and García, Manuel Alejandro Mazabuel},
}
